@misc{Wikipedia_Entropy,
    title={Entropy (information theory)},
    url={https://en.wikipedia.org/wiki/Entropy_(information_theory)},
    journal={Wikipedia},
    publisher={Wikimedia Foundation},
    author={Wikipedia},
    year={2023},
    month={June}
}

@misc{Wikipedia_Differential_Entropy,
    title={Differential entropy},
    url={https://en.wikipedia.org/wiki/Differential_entropy},
    journal={Wikipedia},
    publisher={Wikimedia_Foundation},
    author={Wikipedia},
    year={2023},
    month={May}
}

@misc{Wikipedia_Nats,
    title={nat (unit)},
    url={https://en.wikipedia.org/wiki/Nat_(unit)#Entropy},
    journal={Wikipedia},
    publisher={Wikimedia_Foundation},
    author={Wikipedia},
    year={2022},
    month={Aug}
}

@misc{Wikipedia_Kullback_Liebler_Divergence,
    title={Kullback-Liebler Divergence},
    url={https://en.wikipedia.org/wiki/Kullback\%E2\%80\%93Leibler_divergence},
    journal={Wikipedia},
    publisher={Wikimedia Foundation},
    author={Wikipedia},
    year={2023},
    month={Jun}
} 

@misc{Wikipedia_Lagrange_Multiplier,
    title={Lagrange Multiplier},
    url={https://en.wikipedia.org/wiki/Lagrange_multiplier},
    journal={Wikipedia}, 
    publisher={Wikimedia Foundation}, 
    author={Wikipedia},
    year={2023}, 
    month={Jun}
}

@book{Hass_Heil_Weir_Thomas_2020,
    place={Harlow, United Kingdom},
    title={Thomasâ€™ calculus},
    publisher={Pearson Education Limited},
    author={Hass, Joel and Heil, Christopher and Weir, Maurice D. and Thomas, George B.},
    year={2020}
} 